@article{swindle2012a,
  citation-number = {1},
  author          = {Swindle, M.M. and Makin, A. and Herron, A.J. and Clubb, F.J.J. and Frazier, K.S.},
  title           = {Swine as models in biomedical research and toxicology testing},
  volume          = {49},
  pages           = {344–356,},
  date            = {2012},
  journal         = {Veterinary pathology},
  doi = {10.1177/0300985811402846}
}

@incollection{helke2015a,
  citation-number = {2},
  author          = {Helke, K. and Ezell, P. and Duran-Struuck, R. and Swindle, M.},
  title           = {Chapter 16 - Biology and Diseases of Swine},
  edition         = {Third},
  publisher       = {Academic Press},
  date            = {2015},
  pages           = {695–769},
  booktitle       = {Laboratory Animal Medicine},
  doi = {10.1016/B978-0-12-409527-4.00016-X}
}

@article{gutierrez2015a,
  citation-number = {3},
  author          = {Gutierrez, K. and Dicks, N. and Glanzer, W. and Agellon, L. and Bordigon, V.},
  title           = {Efficacy of the porcine species in biomedical research},
  volume          = {6},
  date            = {2015},
  journal         = {Frontiers in Genetics},
  doi = {10.3389/fgene.2015.00293}
}

@article{prather2013a,
  citation-number = {4},
  author          = {Prather, R.},
  title           = {Pig genomics for biomedicine},
  volume          = {31},
  pages           = {122–123,},
  date            = {2013},
  journal         = {Nature Biotechnology},
  doi = {10.1038/nbt.2490}
}

@article{warr2020a,
  citation-number = {5},
  author          = {Warr, A. and Affara, N.A.B. and Beiki, H. and Bickhart, D. and Billis, K. and Chow, W.E.L. and Finlayson, H. and Flicek, C.G.G.D.K.G.R.H.G.H.T.H.K.H.D.A.H.Paul},
  title           = {An improved pig reference genome sequence to enable pig genetics and genomics research},
  volume          = {9},
  date            = {2020},
  journal         = {GigaScience},
  doi = {10.1093/gigascience/giaa051}
}

@article{lenoir2022a,
  citation-number = {6},
  author          = {Lenoir, G. and Flatres-Grall, L. and Friggens, N. and David, I.},
  title           = {Robustness scores in fattening pigs based on routinely collected phenotypes: determination and genetic parameters},
  volume          = {100},
  date            = {2022},
  journal         = {Journal of Animal Science},
  doi = {10.1093/jas/skac157}
}

@article{mcglone2013a,
  citation-number = {7},
  author          = {McGlone, J.},
  title           = {The Future of Pork Production in the World: Towards Sustainable, Welfare-Positive Systems},
  volume          = {3},
  pages           = {401–415,},
  date            = {2013},
  journal         = {Animals : an open access journal from MDPI},
  doi = {10.3390/ani3020401}
}

@article{werf2013a,
  citation-number = {8},
  author          = {van der Werf, J.},
  title           = {Genomic Selection in Animal Breeding Programs},
  volume          = {1019},
  journal         = {Methods Mol Biol.},
  pages           = {543–561},
  doi = {10.1007/978-1-62703-447-0_26}
}

@article{johnsson2023a,
  citation-number = {9},
  author          = {Johnsson, M.},
  title           = {Genomics in animal breeding from the perspectives of matrices and molecules},
  volume          = {160},
  date            = {2023},
  journal         = {Hereditas},
  doi = {10.1186/s41065-023-00285-w}
}

@article{triantaphyllopoulos2016a,
  citation-number = {10},
  author          = {Triantaphyllopoulos, K.A., and Ikonomopoulos, I. and Bannister, A.J.},
  title           = {Epigenetics and inheritance of phenotype variation in livestock},
  volume          = {9},
  date            = {2016},
  journal         = {Epigenetics \& Chromatin},
  doi = {10.1186/s13072-016-0081-5}
}

@article{goldberg2007a,
  citation-number = {11},
  author          = {Goldberg, A.D. and Allis, C.D. and Bernstein, E.},
  title           = {Epigenetics: A Landscape Takes Shape},
  volume          = {128},
  pages           = {635–638},
  date            = {2007},
  journal         = {Cell},
  doi = {10.1016/j.cell.2007.02.006}
}

@article{champroux2018a,
  citation-number = {12},
  author          = {Champroux, A. and Cocquet, J. and Henry-Berger, J. and Drevet, J.R. and Kocer, A.},
  title           = {A Decade of Exploring the Mammalian Sperm Epigenome: Paternal Epigenetic and Transgenerational Inheritance},
  volume          = {6},
  date            = {2018},
  journal         = {Frontiers in Cell and Developmental Biology},
  doi = {10.3389/fcell.2018.00050}
}

@article{villica2021a,
  citation-number = {13},
  author          = {Villicaña, S. and Bell, J.T.},
  title           = {Genetic impacts on DNA methylation: research findings and future perspectives},
  volume          = {22},
  date            = {2021},
  journal         = {Genome Biology},
  doi = {10.1186/s13059-021-02347-6}
}

@incollection{wang2018a,
  citation-number = {14},
  author          = {Wang, S. and Wu, W.},
  title           = {Chapter 5 - DNA Methylation Alterations in Human Cancers},
  editor          = {Tollefsbol, T.O.},
  booktitle       = {Epigenetics in Human Disease},
  publisher       = {Academic Press},
  edition         = {Second Edition},
  pages           = {109-139},
  year            = {2018},
  volume          = {6},
  series          = {Translational Epigenetics},
  doi = {10.1016/B978-0-12-812215-0.00005-4}
}

@article{jin2011a,
  citation-number = {15},
  author          = {Jin, B. and Li, Y. and Robertson, K.D.},
  title           = {DNA Methylation: Superior or Subordinate in the Epigenetic Hierarchy?},
  volume          = {2},
  pages           = {607–617,},
  date            = {2011},
  journal         = {Genes \& Cancer},
  doi = {10.1177/1947601910393957}
}

@article{ito2022a,
  citation-number = {16},
  author          = {Ito, T. and Kubiura-Ichimaru, M. and Murakami, Y. and Bogutz, A.B. and Lefebvre, L. and Suetake, I. and Tajima, S. and Tada, M.},
  title           = {DNMT1 regulates the timing of DNA methylation by DNMT3 in an enzymatic activity-dependent manner in mouse embryonic stem cells},
  volume          = {17},
  date            = {2022},
  journal         = {PloS one},
  doi = {10.1371/journal.pone.0262277}
}

@article{lim2019a,
  citation-number = {17},
  author          = {Lim, W.J. and Kim, K.H. and Kim, J.Y. and Jeong, S. and Kim, N.},
  title           = {Identification of DNA-Methylated CpG Islands Associated With Gene Silencing in the Adult Body Tissues of the Ogye Chicken Using RNA-Seq and Reduced Representation Bisulfite Sequencing},
  volume          = {10},
  date            = {2019},
  journal         = {Frontiers in genetics},
  doi = {10.3389/fgene.2019.00346}
}

@article{le2019a,
  citation-number = {18},
  author          = {Le, N.Q.K. and Yapp, E.K.Y. and Nagasundaram, N. and Yeh, H.Y.},
  title           = {Classifying Promoters by Interpreting the Hidden Information of DNA Sequences via Deep Learning and Combination of Continuous FastText N-Grams},
  volume          = {7},
  date            = {2019},
  journal         = {Frontiers in Bioengineering and Biotechnology},
  doi = {10.3389/fbioe.2019.00305}
}

@article{mendoza2022a,
  citation-number = {19},
  author          = {de Mendoza, A. and Nguyen, T.V. and Ford, E. and Poppe, D. and Buckberry, S.
                     and Pflueger, J. and Grimmer, M.R. and Stolzenburg, S. and Bogdanovic, O.
                     and Oshlack, A. and Farnham, P.J. and Blancafort, P. and Lister, R.},
  title           = {Large-scale manipulation of promoter DNA methylation reveals context-specific transcriptional responses and stability},
  volume          = {23},
  date            = {2022},
  journal         = {Genome Biology},
  doi = {10.1186/s13059-022-02728-5}
}

@article{jones2012a,
  citation-number = {20},
  author          = {Jones, P.},
  title           = {Functions of DNA methylation: islands, start sites, gene bodies and beyond},
  volume          = {13},
  pages           = {484–492,},
  date            = {2012},
  journal         = {Nature Reviews, Genetics},
  doi = {10.1038/nrg3230}
}

@article{giuffra2019a,
  citation-number = {21},
  author          = {Giuffra, E. and Tuggle, C.K. and FAANG Consortium},
  title           = {Functional Annotation of Animal Genomes (FAANG): Current Achievements and Roadmap},
  volume          = {7},
  pages           = {65–88,},
  date            = {2019},
  journal         = {Annual review of animal biosciences},
  doi = {10.1146/annurev-animal-020518-114913}
}

@inproceedings{acloque2022a,
  citation-number = {22},
  author          = {Acloque, H. and Harrison, P.W. and Lakhal, W. and Martin, F. and Archibald, A.L. and Beinat, M.
                     and Davey, M. and Djebali, S. and Foissac, S. and Guizard, S. and Guyomar, C.
                     and Kuo, R. and Kurylo, C. and Madsen, O. and Miedzinska, K. and Mongellaz, M.
                     and Smith, J. and Sokolov, A. and de Vos, J. and Giuffra, E. and Watson, M.},
  title           = {Extensive functional genomics information from early developmental time points for pig},
  date            = {2022},
  booktitle       = {Proceedings of 12th World Congress on Genetics Applied to Livestock Production (WCGALP)},
  doi = {10.3920/978-90-8686-940-4_550}
}

@article{mirza2019a,
  citation-number = {23},
  author          = {Mirza, B. and Wang, W. and Wang, J. and Choi, H. and Chung, N.C. and Ping, P.},
  title           = {Machine Learning and Integrative Analysis of Biomedical Big Data},
  volume          = {10},
  date            = {2019},
  journal         = {Genes},
  doi = {10.3390/genes10020087}
}

@book{donoho2000a,
  citation-number = {24},
  author          = {Donoho, D.L.},
  title           = {High-Dimensional Data Analysis: The Curses and Blessings of Dimensionality},
  date            = {2000}
}

@article{phan2012a,
  citation-number = {25},
  author          = {Phan, J.H. and Quo, C.F. and Cheng, C. and Wang, M.D.},
  title           = {Multiscale Integration of -Omic, Imaging, and Clinical Data in Biomedical Informatics},
  volume          = {5},
  pages           = {74–87},
  date            = {2012},
  journal         = {IEEE Reviews in Biomedical Engineering},
  doi = {10.1109/RBME.2012.2212427}
}

@article{ogutu2012a,
  citation-number = {26},
  author          = {Ogutu, J.O. and Schulz-Streeck, T. and Piepho, H.P.},
  title           = {Genomic selection using regularized linear regression models: ridge regression, lasso, elastic net and their extensions},
  volume          = {6},
  date            = {2012},
  journal         = {BMC Proc},
  doi = {10.1186/1753-6561-6-S2-S10}
}

@misc{wieringen-a,
  citation-number = {27},
  author          = {van Wieringen, W.N.},
  title           = {Lecture notes on ridge regression},
  eprint          = {1509.09169},
  archivePrefix   = {arXiv},
  primaryClass    = {stat.ME},
  year            = {2023},
  doi = {10.48550/arXiv.1509.09169}
}

@article{bodein2022a,
  citation-number = {28},
  author          = {Bodein, A. and Scott-Boyer, M.P. and Perin, O. and Lê Cao, K.A. and Droit, A.},
  title           = {Interpretation of network-based integration from multi-omics longitudinal data},
  volume          = {50},
  date            = {2022},
  journal         = {Nucleic acids research},
  doi = {10.1093/nar/gkab1200}
}

@misc{price-a,
  citation-number = {29},
  author          = {Price, B.S. and Geyer, C.J. and Rothman, A.J.},
  title           = {Ridge Fusion in Statistical Learning},
  year            = {2014},
  eprint          = {1310.3892},
  archivePrefix   = {arXiv},
  primaryClass    = {stat.ML},
  doi = {10.48550/arXiv.1310.3892} 
}

@incollection{kalavacharla2017a,
  citation-number = {30},
  author          = {Kalavacharla, V.K. and Subramani, M. and Ayyappan, V. and Dworkin, M.C. and Hayford, R.K.},
  title           = {Chapter 16 - Plant Epigenomics},
  editor          = {Tollefsbol, T.O.},
  booktitle       = {Handbook of Epigenetics},
  publisher       = {Academic Press},
  edition         = {Second Edition},
  pages           = {245-258},
  year            = {2017},
  isbn            = {978-0-12-805388-1},
  doi = {10.1016/B978-0-12-805388-1.00016-X}
}

@article{miyata2017a,
  citation-number = {31},
  author = {Miyata, K. and Naito, M. and Miyata, T. and Mokuda, S. and Asahara, H.},
  date = {2017},
  title = {Bisulfite Sequencing for DNA Methylation Analysis of Primary Muscle Stem Cells},
  pages = {3–13},
  doi = {10.1007/978-1-4939-7283-8_1},
  journal = {Methods in molecular biology}
}

@incollection{li2011a,
  citation-number = {32},
  author = {Li, Y. and Tollefsbol, T.O.},
  date = {2011},
  title = {DNA methylation detection: bisulfite genomic sequencing analysis},
  pages = {11–21},
  doi = {10.1007/978-1-61779-316-5_2},
  booktitle = {Methods in molecular biology}
}

@article{smith2009a,
  citation-number = {33},
  author          = {Smith, Z.D. and Gu, H. and Bock, C. and Gnirke, A. and Meissner, A.},
  title           = {High-throughput bisulfite sequencing in mammalian genomes},
  volume          = {48},
  pages           = {226–232},
  date            = {2009},
  journal         = {Methods},
  doi = {10.1016/j.ymeth.2009.05.003}
}

@article{nakato2021a,
  citation-number = {34},
  author          = {Nakato, R. and Sakata, T.},
  title           = {Methods for ChIP-seq analysis: A practical workflow and advanced applications},
  volume          = {187},
  pages           = {44–53},
  date            = {2021},
  journal         = {Methods},
  doi = {10.1016/j.ymeth.2020.03.005}
}

@article{xin2008a,
  citation-number = {35},
  author = {Xin, D. and Hu, L. and Kong, X.},
  date = {2008},
  title = {Alternative Promoters Influence Alternative Splicing at the Genomic Level},
  volume = {3},
  doi = {10.1371/journal.pone.0002377},
  journal = {PLoS one}
}

@article{i2020a,
  citation-number = {36},
  author          = {Iñiguez, G. and Battiston, F. and Karsai, M.},
  title           = {Bridging the gap between graphs and networks},
  volume          = {3},
  date            = {2020},
  journal         = {Communications Physics},
  doi = {10.1038/s42005-020-0359-6}
}

@incollection{hastie2009a,
  citation-number = {37},
  author          = {Hastie, T. and Tibshirani, R. and Friedman, J.},
  title           = {Undirected Graphical Models},
  date            = {2009},
  pages           = {625–648},
  booktitle       = {The Elements of Statistical Learning},
  doi = {10.1007/978-0-387-84858-7_17}
}


@article{altenbuchinger2020a,
  citation-number = {38},
  author = {Altenbuchinger, M. and Weihs, A. and Quackenbush, J. and Grabe, H. and Zacharias, H.},
  date = {2020},
  title = {Gaussian and Mixed Graphical Models as (multi-)omics data analysis tools},
  volume = {1863},
  doi = {10.1016/j.bbagrm.2019.194418},
  journal = {Biochimica et biophysica acta. Gene regulatory mechanisms}
}

@article{cai2022a,
  citation-number = {39},
  author = {Cai, Z. and Li, R. and Zhang, Y.},
  date = {2022},
  title = {A Distribution Free Conditional Independence Test with Applications to Casual Discovery},
  volume = {23},
  pages = {1–41},
  journal = {Journal of Machine Learning Research},
  url = {https://www.jmlr.org/papers/volume23/20-682/20-682.pdf}
}

@article{peeters2022a,
  citation-number = {40},
  author = {Peeters, C.F.W. and Bilgrau, A.E. and van Wieringen, W.N.},
  date = {2022},
  title = {rags2ridges: A One-Stop-l2-Shop for Graphical Modeling of High-Dimensional Precision Matrices},
  volume = {102},
  pages = {1–32},
  doi = {10.18637/jss.v102.i04},
  journal = {Journal of Statistical Software}
}

@article{li2020a,
  citation-number = {40},
  author          = {Li, T. and Qian, C. and Levina, E. and Zhu, J.},
  title           = {High-dimensional Gaussian graphical models on network-linked data},
  volume          = {21},
  pages           = {1–45},
  date            = {2020},
  journal         = {Journal of Machine Learning Research},
  url             = {http://jmlr.org/papers/v21/19-563.html}
}

@article{li2018a,
  citation-number = {41},
  author          = {Li, X. and Fu, Y. and Wang, X. and Qiu, W.},
  title           = {Robust joint score tests in the application of DNA methylation data analysis},
  volume          = {19},
  date            = {2018},
  journal         = {BMC Bioinformatics},
  doi = {10.1186/s12859-018-2185-3}
}

@article{weinhold2016a,
  citation-number = {42},
  author          = {Weinhold, L. and Wahl, S. and Pechlivanis, S. and Hoffmann, P. and Schmid, M.},
  title           = {A statistical model for the analysis of beta values in DNA methylation studies},
  date            = {2016},
  journal         = {BMC Bioinformatics},
  doi = {10.1186/s12859-016-1347-4}
}

@article{epskamp2018a,
  citation-number = {43},
  author          = {Epskamp, S. and Fried, E.I.},
  title           = {A Tutorial on Regularized Partial Correlation Networks},
  volume          = {23},
  pages           = {617–634},
  date            = {2018},
  journal         = {Psychological Methods},
  doi = {10.1037/met0000167}
}

@article{czado2022a,
  citation-number = {44},
  author          = {Czado, C. and Nagler, T.},
  title           = {Vine Copula Based Modeling},
  volume          = {9},
  pages           = {453–477},
  date            = {2022},
  journal         = {Annual Review of Statistics and Its Application},
  doi = {10.1146/annurev-statistics-040220-101153}
}

@article{liu2009a,
  citation-number = {45},
  author          = {Liu, H. and Lafferty, J. and Wasserman, L.},
  title           = {The Nonparanormal: Semiparametric Estimation of High Dimensional Undirected Graphs},
  volume          = {10},
  pages           = {2295–2328},
  date            = {2009},
  journal         = {Journal of Machine Learning Research},
  url             = {http://jmlr.org/papers/v10/liu09a.html}
}

@misc{jiang2022a,
  citation-number = {46},
  author = {Jiang, H. and Fei, X. and Liu, H. and Roeder, K. and Lafferty, J. and Wasserman, L. and Li., X. and Zhao, T.},
  title = {huge: High-Dimensional Undirected Graph Estimation},
  date = {2021-06-30},
  note = {Available:},
  url = {https://cran.r-project.org/web/packages/huge},
}

@article{zhao2021a,
  citation-number = {47},
  author = {Zhao, Y. and Li, M. and Konaté, M.M. and Chen, L. and Das, B. and Karlovich, C.
            and Williams, P.M. Evrard, Y.A. and Doroshow, J.H. and McShane, L.},
  date = {2021},
  title = {TPM, FPKM, or Normalized Counts? A Comparative Study of Quantification Measures for the Analysis of RNA-seq Data from the NCI Patient-Derived Models Repository},
  volume = {19},
  doi = {10.1186/s12967-021-02936-w},
  journal = {Journal of Translational Medicine}
}

@article{batool2021a,
  citation-number = {48},
  author = {Batool, F. and Henning, C.},
  date = {2021},
  title = {Clustering with the Average Silhouette Width},
  volume = {158},
  doi = {10.1016/j.csda.2021.107190},
  journal = {Computational Statistics \& Data Analysis}
}

@article{rousseeuw1987a,
  citation-number = {49},
  author = {Rousseeuw, P.J.},
  date = {1987},
  title = {Silhouettes: A graphical aid to the interpretation and validation of cluster analysis},
  volume = {20},
  pages = {53–65},
  doi = {10.1016/0377-0427(87)90125-7},
  journal = {Journal of Computational and Applied Mathematics}
}

@article{bilgrau2020a,
  citation-number = {50},
  author = {Bilgrau, A.E. and Peeters, C.F.W. and Eriksen, P.S. and Bøgsted, M. and van Wieringen, W.N.},
  date = {2020},
  title = {Targeted Fused Ridge Estimation of Inverse Covariance Matrices from Multiple High-Dimensional Data Classes},
  pages = {1–52},
  journal = {Journal of Machine Learning Research},
  url     = {http://jmlr.org/papers/v21/15-509.html}
}


@article{tsai2022a,
  citation-number = {52},
  author = {Tsai, K. and Koyejo, O. and Kolar, M.},
  date = {2022},
  title = {Joint Gaussian graphical model estimation: A survey},
  volume = {14},
  doi = {10.1002/wics.1582},
  journal = {WIREs Computational Statistics}
}

@article{nelder1965a,
  citation-number = {53},
  author = {Nelder, J.A. and Mead, R.},
  date = {1965},
  title = {A Simplex Method for Function Minimization},
  volume = {7},
  pages = {308–313},
  doi = {10.1093/comjnl/7.4.308},
  journal = {The Computer Journal}
}

@article{fruchterman1991a,
  citation-number = {54},
  author = {Fruchterman, T.M.J. and Reingold, E.M.},
  date = {1991},
  title = {Graph drawing by force-directed placement},
  volume = {21},
  pages = {1129–1164},
  doi = {10.1002/spe.4380211102},
  journal = {Journal of Software: Practice and Experience},
}

@article{chen2013a,
  citation-number = {55},
  author = {Chen, E.Y. and Tan, C.M. and Kou, Y. and Duan, Q. and Wang, Z. and Meirelles, G.V. and Clark, N.R. and Ma'ayan, A.},
  title = {Enrichr: interactive and collaborative HTML5 gene list enrichment analysis tool},
  date = {2013},
  volume = {14},
  journal = {BMC Bioinformatics},
  doi = {10.1186/1471-2105-14-128}
}

@article{kuleshov2016a,
  citation-number = {56},
  author = {Kuleshov, M.V. and Jones, M.R. and Rouillard, A.D. and Fernandez, N.F. and Duan, Q. and Wang, Z. and Koplev, S. and Jenkins, S.L. and Jagodnik, K.M. and Lachmann, A. and McDermott, M.G. and Monteiro, C.D. and Gundersen, G.W. and Ma'ayan, A.},
  title = {Enrichr: a comprehensive gene set enrichment analysis web server 2016 update},
  date = {2016},
  journal = {Nucleic Acids Research},
  doi = {10.1093/nar/gkw377}
}

@article{xie2021a,
  citation-number = {57},
  author = {Xie, Z. and Bailey, A. and Kuleshov, M.V. and DJB., Clarke and Evangelista, J.E. and Jenkins, S.L. and Lachmann, A. and Wojciechowicz, M.L. and Kropiwnicki, E. and Jagodnik, K.M. and Jeon, M. and Ma’ayan, A.},
  title = {Gene set knowledge discovery with Enrichr},
  volume = {1},
  date = {2021},
  doi = {10.1002/cpz1.90},
  journal = {Current Protocols}
}

@article{cao2020a,
  citation-number = {58},
  author = {Cao, J. and O'Day, D.R. and Pliner, H.A. and Kingsley, P.D. and Deng, M. and Daza, R.M. and Zager, M.A. and Aldinger, K.A. and Blecher-Gonen, R. and Zhang, F. and Spielmann, M. and Palis, J. and Doherty, D. and Steemers, F.J. and Glass, I.A. and Trapnell, C. and Shendure, J.},
  date = {2020},
  title = {A human cell atlas of fetal gene expression},
  volume = {370},
  doi = {10.1126/science.aba7721},
  journal = {Science (New York, N.Y.)},
}

@article{keenan2019a,
  citation-number = {59},
  author = {Keenan, A.B. and Torre, D. and Lachmann, A. and Leong, A.K. and Wojciechowicz, M.L. and Utti, V. and Jagodnik, K.M. and Kropiwnicki, E. and Wang, Z. and Ma'ayan, A.},
  date = {2019},
  title = {ChEA3: transcription factor enrichment analysis by orthogonal omics integration},
  volume = {47},
  pages = {212– 224},
  doi = {10.1093/nar/gkz446},
  journal = {Nucleic acids research},
}

@article{wang2015a,
  citation-number = {60},
  author = {Wang, G. and Wang, F. and Huang, Q. and Li, Y. and Liu, Y. and Wang, Y.},
  date = {2015},
  title = {Understanding Transcription Factor Regulation by Integrating Gene Expression and DNase I Hypersensitive Sites},
  doi = {10.1155/2015/757530},
  journal = {BioMed research international}
}

@article{h2019a,
  citation-number = {61},
  author = {Héberlé, É. and Bardet, A.F.},
  date = {2019},
  title = {Sensitivity of transcription factors to DNA methylation},
  volume = {63},
  pages = {727–741},
  doi = {10.1042/EBC20190033},
  journal = {Essays in biochemistry}
}

@article{mccracken2012a,
  citation-number = {62},
  author = {McCracken, K.W. and Wells, J.M.},
  date = {2012},
  title = {Molecular pathways controlling pancreas induction},
  volume = {23},
  pages = {656–662},
  doi = {10.1016/j.semcdb.2012.06.009},
  journal = {Seminars in cell \& developmental biology}
}

@article{gale1987a,
  citation-number = {63},
  author = {Gale, R.P.},
  title = {Development of the immune system in human fetal liver},
  volume = {10},
  doi = {10.1007/978-94-009-3365-1_6},
  date = {1987},
  pages = {45–56},
  journal = {Thymus}
}

@article{miller2018a,
  citation-number = {64},
  author = {Miller, D. and Motomura, K. and Garcia-Flores, V. and Romero, R. and Gomez-Lopez, N.},
  date = {2018},
  title = {Innate Lymphoid Cells in the Maternal and Fetal Compartments},
  volume = {9},
  doi = {10.3389/fimmu.2018.02396},
  journal = {Frontiers in immunology}
}

@article{nakagawa2021a,
  citation-number = {65},
  author = {Nakagawa, Y. and Wang, Y. and Han, S.I. and Okuda, K. and Oishi, A. and Yagishita, Y. and Kumagai, K. and Ohno, H. and Osaki, Y. and Mizunoe, Y. and Araki, M. and Murayama, Y. and Iwasaki, H. and Konishi, M. and Itoh, N. and Matsuzaka, T. and Sone, H. and Yamada, N. and Shimano, H.},
  date = {2021},
  title = {Enterohepatic Transcription Factor CREB3L3 Protects Atherosclerosis via SREBP Competitive Inhibition},
  volume = {11},
  pages = {949–971},
  doi = {10.1016/j.jcmgh.2020.11.004},
  journal = {Cellular and molecular gastroenterology and hepatology},
}

@article{ma2020a,
  citation-number = {66},
  author = {Ma, J. and Xia, L. and Yao, X. and Zheng, S. and Li, S. and Xu, L. and Sha, W. and Li, Z.},
  title = {BARX2 expression is downregulated by CpG Island hypermethylation and is associated with suppressed cell proliferation and invasion of gastric cancer cells},
  date = {2020},
  volume = {43},
  pages = {1805–1818},
  journal = {Oncology reports},
  doi = {10.3892/or.2020.7558}
}

@article{naka2009a,
  citation-number = {67},
  author = {Naka, T. and Yokose, S.},
  title = {Immunohistochemical localization of barx2 in the developing fetal mouse submandibular glands},
  date = {2009},
  volume = {42},
  doi = {10.1267/ahc.08027},
  pages = {47-53},
  journal = {Acta histochemica et cytochemica}
}

@incollection{nicolaides2000a,
  citation-number = {68},
  author = {Nicolaides, N.C. and Willenberg, H.S. and Bornstein, SR},
  title = {Adrenal Cortex: Embryonic Development, Anatomy, Histology and Physiology},
  editor = {Feingold, K.R. and Anawalt, B. and Blackman, M.R.},
  date = {2000},
  url = {https://www.ncbi.nlm.nih.gov/books/NBK278945/},
  note = {In: Endotext [Internet]. South Dartmouth (MA): MDText.com, Inc}
}

@misc{farraj2023a,
  citation-number = {69},
  author = {Farraj, K.L. and Zeltser, R.},
  date = {2024},
  title = {Embryology, Heart Tube},
  note = {In: StatPearls [Internet]. Treasure Island (FL)},
  publisher = {StatPearls Publishing},
  url = {https://www.ncbi.nlm.nih.gov/books/NBK499934/},
}

@article{paul2018a,
  citation-number = {70},
  author = {Paul, A. and Tang, T.H. and Ng, S.K.},
  date = {2018},
  title = {Interferon Regulatory Factor 9 Structure and Regulation},
  volume = {9},
  doi = {10.3389/fimmu.2018.01831},
  journal = {Frontiers in immunology},
}

@misc{le2023a,
  citation-number = {71}, 
  author = {Le, D.T. and Florez, M.A. and Kus, P. and Tran, B.T. and Kain, B. and Zhu, Y. and Christensen, K. and Jain, A. and Malovannaya, A. and King, K.Y.},
  title = {BATF2 promotes HSC myeloid differentiation by amplifying IFN response mediators during chronic infection},
  date = {2023},
  volume = {26},
  doi = {10.1016/j.isci.2023.106059},
  journal = {iScience}
}

@article{cerase2015a,
  citation-number = {72},
  author = {Cerase, A. and Pintacuda, G. and Tattermusch, A. and Avner, P.},
  title = {Xist localization and function: new insights from multiple levels},
  volume = {16},
  date = {2015},
  doi = {10.1186/s13059-015-0733-y},
  journal = {Genome Biology}
}

@article{lee1999a,
  citation-number = {73},
  author = {Lee, J. and Davidow, L.S. and Warshawsky, D.},
  date = {1999},
  title = {Tsix, a gene antisense to Xist at the X-inactivation centre},
  volume = {21},
  pages = {400–404},
  doi = {10.1038/7734},
  journal = {Nature genetics}
}

@article{vigliano2011a,
  citation-number = {74},
  author = {Vigliano, I. and Gorrese, M. and Fusco, A. and Vitiello, L. and Amorosi, S. and Panico, L. and Ursini, M.V. and Calcagno, G. and Racioppi, L. and Del Vecchio, L. and Pignata, C.},
  date = {2011},
  title = {FOXN1 mutation abrogates prenatal T-cell development in humans},
  volume = {48},
  pages = {413–416},
  doi = {10.1136/jmg.2011.089532},
  journal = {Journal of medical genetics}
}

@article{reis2015a,
  citation-number = {75},
  author = {Reis, M.D.d.S. and Csomos, K. and Dias, L.P.B. and Prodan, Z. and Szerfin, T. and Savino, W. and Takacs, L.},
  title = {Decline of FOXN1 gene expression in human thymus correlates with age: possible epigenetic regulation},
  volume = {12},
  pages = {18},
  date = {2015},
  doi = {10.1186/s12979-015-0045-9},
  journal = {Immun Ageing}
}

@article{moses2023a,
  citation-number = {76},
  author = {Moses, A. and Bhalla, P. and Thompson, A. and Lai, L. and Coskun, F.S.
            and Seroogy, C.M. and de la Morena, M.T. and Wysocki, C.A. and van Oers, N. S. C.},
  title = {Comprehensive phenotypic analysis of diverse FOXN1 variants},
  date = {2023},
  volume = {152},
  pages = {1273–1291},
  doi = {10.1016/j.jaci.2023.06.019},
  journal = {The Journal of allergy and clinical immunology}
}

@article{wang2022a,
  citation-number = {77},
  author = {Wang, Q. and Li, J. and Wang, S. and Deng, Q. and An, Y. and Xing, Y. and Dai, X. and Li, Z. and Ma, Q. and Wang, K. and Liu, C. and Yuan, Y. and Dong, G. and Zhang, T. and Yang, H. and Du, Y. and Hou, Y. and Ke, W. and Shang, Z.},
  date = {2022},
  title = {Single-cell transcriptional profiling reveals cellular and molecular divergence in human maternal-fetal interface},
  volume = {12},
  doi = {10.1038/s41598-022-14516-z},
  journal = {Scientific reports},
}

@article{farine2018a,
  citation-number = {78}, 
  author = {Farine, T. and Parsons, M. and Lye, S. and Shynlova, O.},
  date = {2018},
  title = {Isolation of Primary Human Decidual Cells from the Fetal Membranes of Term Placentae},
  doi = {10.3791/57443},
  journal = {Journal of visualized experiments : JoVE}
}

@article{vallecillogarc2017a,
  citation-number = {79}, 
  author = {Vallecillo-García, P. and  Orgeur, M. and Vom Hofe-Schneider, S.
            and Stumm, J. and Kappert, V. and Ibrahim, D. M. and Börno, S. T.
            and Hayashi, S. and Relaix, F. and Hildebrandt, K. and Sengle, G.
            and Koch, M. and Timmermann, B. and Marazzi, G. and Sassoon, D. A. and Duprez, D. and Stricker, S.},
  title = {Odd skipped-related 1 identifies a population of embryonic fibro-adipogenic progenitors regulating myogenesis during limb development},
  volume = {8},
  date = {2017},
  doi = {10.1038/s41467-017-01120-3},
  journal = {Nature communications}
}

@article{chen2013b,
  citation-number = {80}, 
  author = {Chen, F. and Zamule, S.M. and Coslo, D.M. and Chen, T. and Omiecinski, C.J.},
  title = {The human constitutive androstane receptor promotes the differentiation and maturation of hepatic-like cells},
  volume = {384},
  date = {2013},
  pages = {155–165},
  journal = {Developmental biology}
}

@article{davenport2022a,
  citation-number = {81}, 
  author = {Davenport, P. and Liu, Z.J. and Sola-Visner, M.},
  date = {2022},
  title = {Fetal vs adult megakaryopoiesis},
  volume = {139},
  pages = {3233–3244},
  doi = {10.1182/blood.2020009301},
  journal = {Blood}
}

@article{ali2015a,
  citation-number = {82}, 
  author = {Ali, R.A. and Wuescher, L.M. and Worth, R.G.},
  date = {2015},
  title = {Platelets: essential components of the immune system},
  volume = {16},
  pages = {65–78},
  journal = {Current trends in immunology}
}

@article{koupenova2022a,
  citation-number = {83}, 
  author = {Koupenova, M. and Livada, A.C. and Morrell, C.N.},
  date = {2022},
  title = {Platelet and Megakaryocyte Roles in Innate and Adaptive Immunity},
  volume = {130},
  pages = {288–308},
  doi = {10.1161/CIRCRESAHA.121.319821},
  journal = {Circulation research}
}

@article{pariser2021a,
  citation-number = {84}, 
  author = {Pariser, D. N. and Hilt, Z. T. and Ture, S. K. and Blick-Nitko, S. K. and Looney, M. R. and Cleary, S. J. and Roman-Pagan, E. and Saunders, J. 2nd and Georas, S. N. and Veazey, J. and Madere, F. and Santos, L. T. and Arne, A. and Huynh, N. P. and Livada, A. C. and Guerrero-Martin, S. M. and Lyons, C. and Metcalf-Pate, K. A. and McGrath, K. E. and Palis, J. and Morrell, C. N.},
  date = {2021},
  title = {Lung megakaryocytes are immune modulatory cells},
  volume = {131},
  doi = {10.1172/JCI137377},
  journal = {The Journal of clinical investigation}
}

@article{karaky2018a,
  citation-number = {85},
  author = {Karaky, M. and Fedetz, M. and Potenciano, V. and Andrés-León, E. and Codina, A. E.
            and Barrionuevo, C. and Alcina, A. and Matesanz, F.},
  title = {SP140 regulates the expression of immune-related genes associated with multiple sclerosis and other autoimmune diseases by NF-$\kappa$B inhibition},
  volume = {27},
  date = {2018},
  pages = {4012–4023,},
  doi = {10.1093/hmg/ddy284},
  journal = {Human Molecular Genetics}
}

@article{fan2022a,
  citation-number = {86},
  author = {Fan, J. and Zhang, Z. and Chen, H. and Chen, D. and Yuan, W. and Li, J. and Zeng, Y. and Zhou, S. and Zhang, S. and Zhang, G. and Xiong, J. and Zhou, L. and Xu, J. and Liu, W. and Xu, Y.},
  date = {2022},
  title = {Zinc finger protein 831 promotes apoptosis and enhances chemosensitivity in breast cancer by acting as a novel transcriptional repressor targeting the STAT3/Bcl2 signaling pathway},
  volume = {11},
  pages = {430–448},
  doi = {10.1016/j.gendis.2022.11.023},
  journal = {Genes \& diseases}
}

@article{kruegergenge2019a,
  citation-number = {87},
  author = {Krüger-Genge, A. and Blocki, A. and Franke, R.P. and Jung, F.},
  date = {2019},
  title = {Vascular Endothelial Cell Biology: An Update},
  volume = {20},
  doi = {10.3390/ijms20184411},
  journal = {International journal of molecular sciences}
}

@article{trimm2023a,
  citation-number = {88},
  author = {Trimm, E. and Red-Horse, K.},
  title = {Vascular endothelial cell development and diversity},
  volume = {20},
  pages = {197–210},
  date = {2023},
  doi = {10.1038/s41569-022-00770-1},
  journal = {Nat Rev Cardiol}
}

@article{ferretti2019a,
  citation-number = {88},
  author = {Ferretti, E. and Hadjantonakis, A.K.},
  date = {2019},
  title = {Mesoderm specification and diversification: from single cells to emergent tissues},
  volume = {61},
  pages = {110–116},
  doi = {10.1016/j.ceb.2019.07.012},
  journal = {Current opinion in cell biology}
}

@article{zhao2019a,
  citation-number = {89},
  author = {Zhao, H. and Gao, X. and Liu, Z. and Lin, J. and Wang, S. and Wang, D. and Zhang, Y.},
  date = {2019},
  title = {Effects of the transcription factor Olig1 on the differentiation and remyelination of oligodendrocyte precursor cells after focal cerebral ischemia in rats},
  volume = {20},
  pages = {4603–4611},
  doi = {10.3892/mmr.2019.10713},
  journal = {Molecular Medicine Reports}
}

@incollection{elshazzly2023a,
  citation-number = {90}, 
  author = {Elshazzly, M. and Lopez, M.J. and Reddy, V. and Caban, O.},
  date = {2023},
  title = {Embryology, Central Nervous System},
  publisher = {StatPearls Publishing},
  booktitle = {StatPearls [Internet]},
  url = {https://www.ncbi.nlm.nih.gov/books/NBK526024/}
}

@article{dong2018a,
  citation-number = {91}, 
  author = {Dong, K. and Guo, X. and Chen, W. and Hsu, A.C. and Shao, Q. and Chen, J.F. and Chen, S.Y.},
  date = {2018},
  title = {Mesenchyme homeobox 1 mediates transforming growth factor-$\beta$ (TGF-$\beta$)-induced smooth muscle cell differentiation from mouse mesenchymal progenitors},
  volume = {293},
  pages = {8712–8719},
  doi = {10.1074/jbc.RA118.002350},
  journal = {The Journal of biological chemistry}
}

@article{kubo2022a,
  citation-number = {92}, 
  author = {Kubo, S. and Kataria, R. and Yao, Y. and Gabrielski, J.Q. and Zheng, L. and Markowitz, T.E. and Chan, W. and Song, J. and Boddapati, A.K. and Saeki, K. and Häupl, B. and Park, A.Y. and Cheng, Y.H. and Cui, J. and Oellerich, T. and Lenardo, M.J.},
  date = {2022},
  title = {Early B cell factor 4 modulates FAS-mediated apoptosis and promotes cytotoxic function in human immune cells},
  volume = {119},
  doi = {10.1073/pnas.2208522119},
  journal = {Proceedings of the National Academy of Sciences of the United States of America},
}

@article{jen2016a,
  citation-number = {93}, 
  author = {Jen, J. and Wang, Y.C.},
  title = {Zinc finger proteins in cancer progression},
  volume = {23},
  date = {2016},
  doi = {10.1186/s12929-016-0269-9},
  journal = {Journal of biomedical science}
}

@article{sayers2022a,
  citation-number = {94}, 
  author = {Sayers, E.W. and Bolton, E.E. and Brister, J.R. and Canese, K. and Chan, J. and Comeau, D.C. and Connor, R. and Funk, K. and Kelly, C. and Kim, S. and Madej, T. and Marchler-Bauer, A. and Lanczycki, C. and Lathrop, S. and Lu, Z. and Thibaud-Nissen, F. and Murphy, T. and Phan, L. and Skripchenko, Y. and Tse, T. and Sherry, S.T.},
  date = {2022},
  title = {Database resources of the national center for biotechnology information},
  volume = {50},
  doi = {10.1093/nar/gkab1112},
  journal = {Nucleic acids research}
}

@article{jara2017a,
  citation-number = {95}, 
  author = {Jara, E.L. and Muñoz-Durango, N. and Llanos, C. and Fardella, C. and González, P.A. and Bueno, S.M. and Kalergis, A.M. and Riedel, C.A.},
  date = {2017},
  title = {Modulating the function of the immune system by thyroid hormones and thyrotropin},
  volume = {184},
  pages = {76–83},
  doi = {10.1016/j.imlet.2017.02.010},
  journal = {Immunology letters}
}

@book{nr1987a,
  citation-number = {96}, 
  author = {Box, G. E., and Draper, N. R. },
  title = {Empirical model-building and response surfaces},
  publisher = {Wiley},
  date = {1987},
  address = {New York, NY}
}

@article{luculligan2020a,
  citation-number = {97}, 
  author = {Lu-Culligan, A. and Iwasaki, A.},
  date = {2020},
  title = {The Role of Immune Factors in Shaping Fetal Neurodevelopment},
  volume = {36},
  pages = {441–468},
  doi = {10.1146/annurev-cellbio-021120-033518},
  journal = {Annual review of cell and developmental biology}
}

@article{hussain2022a,
  citation-number = {98}, 
  author = {Hussain, T. and Murtaza, G. and Kalhoro, D.H. and Kalhoro, M.S. and Yin, Y. and Chughtai, M.I. and Tan, B. and Yaseen, A. and Rehman, Z.U.},
  date = {2022},
  title = {Understanding the Immune System in Fetal Protection and Maternal Infections during Pregnancy},
  doi = {10.1155/2022/7567708},
  journal = {Journal of immunology research}
}

@article{kiani2022a,
  citation-number = {99}, 
  author = {Kiani, A.K. and Pheby, D. and Henehan, G. and Brown, R. and Sieving, P. and Sykora, P.
            and Marks, R. and Falsini, B. and Capodicasa, N. and Miertus, S. and Lorusso, L.
            and Dondossola, D. and Tartaglia, G. M. and Ergoren, M. C. and Dundar, M.
            and Michelini, S. and Malacarne, D. and Bonetti, G. and Dautaj, A. and Donato, K.
            and INTERNATIONAL BIOETHICS STUDY GROUP},
  date = {2022},
  title = {Ethical considerations regarding animal experimentation},
  volume = {63},
  doi = {10.15167/2421-4248/jpmh2022.63.2S3.2768},
  journal = {Journal of Preventive Medicine and Hygiene},
}

@article{baba2004a,
  citation-number = {100},
  author = {Baba, K. and Shibata, R. and Sibuya, M.},
  date = {2004},
  title = {Partial correlation and conditional correlation as measures of conditional independence},
  volume = {46},
  pages = {657–664},
  doi = {10.1111/j.1467-842X.2004.00360.x},
  journal = {Australian and New Zealand Journal of Statistics}
}

@article{peeters2020a,
  citation-number = {101},
  author = {Peeters, C.F.W. and van de Wiel, M.A. and van Wieringen, W.N.},
  date = {2020},
  title = {The spectral condition number plot for regularization parameter evaluation},
  volume = {35},
  pages = {629–646},
  doi = {10.1007/s00180-019-00912-z},
  journal = {Computational Statistics}
}